@misc{FAI,
title = {{FAI - Fully Automatic Installation}},
year = {2013},
note = {\\\url{http://fai-project.org/} (accessed June 18, 2014) }
}
