@misc{raon,
title = {{Rare Isotope Science Project}},
year = {2013},
note = {{Y.K.Kwon et al, “Status of Rare Isotope Science Project in Korea”, Few Body Syst. 54, 961}}
}

@misc{epics,
title = {{Experimental Physics and Industrial Control System}},
year = {2011},
note = {{\\\url{http://www.aps.anl.gov/epics/about.php}}}
}


@misc{snmp,
title = {{Official Internet Standards Protocol}},
year = {2002},
note = {{\\\url{http://www.rfc-editor.org/search/standards.php}}}
}


@misc{snmpm_a,
title = {{Relationship between an Manager and an Agent}},
year = {2005},
note = {{Douglas R. Mauro, Kevin J. Scbmidt, “Essential SNMP. O’Reilly”, 2nd ed.}}
}

@misc{epicssnmp,
title = {{Integrate SNMP into EPICS}},
year = {2006},
note = {{\\\url{http://www-mks2.desy.de/content/e4/e40/e41/e12212/index_ger.html}}}
}

@misc{epicsev,
title = {{EPICS Environment Tree}},
year = {2015},
note = {{4th report....}}}
}


@misc{devsnmp,
title = {{EPICS SNMP Device Support Module (NSCL/FRIB)}},
year = {2014},
note = {{\\\url{https://groups.nscl.msu.edu/controls/files/devSnmp.html}}}
}
